@article{schaul2015prioritized,
  title={Prioritized experience replay},
  author={Schaul, Tom and Quan, John and Antonoglou, Ioannis and Silver, David},
  journal={arXiv preprint arXiv:1511.05952},
  year={2015}
}

@article{lee2021deep,
  title={Deep Reinforcement Learning-based UAV Navigation and Control: A Soft Actor-Critic with Hindsight Experience Replay Approach},
  author={Lee, Myoung Hoon and Moon, Jun},
  journal={arXiv preprint arXiv:2106.01016},
  year={2021}
}

@article{atkinson2021pseudo,
  title={Pseudo-rehearsal: Achieving deep reinforcement learning without catastrophic forgetting},
  author={Atkinson, Craig and McCane, Brendan and Szymanski, Lech and Robins, Anthony},
  journal={Neurocomputing},
  volume={428},
  pages={291--307},
  year={2021},
  publisher={Elsevier}
}

@INPROCEEDINGS{9747378,
  author={Su, DiJia and Lee, Jason D. and Mulvey, John M. and Poor, H. Vincent},
  booktitle={ICASSP 2022 - 2022 IEEE International Conference on Acoustics, Speech and Signal Processing (ICASSP)}, 
  title={Competitive Multi-Agent Reinforcement Learning with Self-Supervised Representation}, 
  year={2022},
  volume={},
  number={},
  pages={4098-4102},
  doi={10.1109/ICASSP43922.2022.9747378}}


@inproceedings{xu2021doubly,
  title={Doubly robust off-policy actor-critic: Convergence and optimality},
  author={Xu, Tengyu and Yang, Zhuoran and Wang, Zhaoran and Liang, Yingbin},
  booktitle={International Conference on Machine Learning},
  pages={11581--11591},
  year={2021},
  organization={PMLR}
}